@misc{javautilzips,
  author = {OpenJDK},
  title = {jdk},
  year = {2020},
  publisher = {GitHub},
  journal = {GitHub repository},
  howpublished = {\url{https://github.com/openjdk/jdk/tree/fc842d2b4bb054f543990c715fcbebc3ccf052de/src/java.base/share/classes/java/util/zip}},
  commit = {fc842d2b4bb054f543990c715fcbebc3ccf052de}
}
@book{liang1999java,
  title={The Java native interface: programmer's guide and specification},
  author={Liang, Sheng},
  year={1999},
  publisher={Addison-Wesley Professional}
}
@misc{libgdx,
  author = {libGDX},
  title = {libgdx},
  year = {2020},
  publisher = {GitHub},
  journal = {GitHub repository},
  howpublished = {\url{https://github.com/libgdx/libgdx}},
  commit = {ef99e626bb5a991463b4b1678bdaa34a4f3ec5e4}
}
@misc{libgdxissue,
  author = {Zaid Rehman Qureshi},
  title = {fatal error when switching the screen with Box2d bodies},
  howpublished = {\url{https://github.com/libgdx/libgdx/issues/4770}},
  year = {2017},
  note = {Accessed: 2020-05-20}
}
@inproceedings{tan2006safe,
  title={Safe Java native interface},
  author={Tan, Gang and Appel, Andrew W and Chakradhar, Srimat and Raghunathan, Anand and Ravi, Srivaths and Wang, Daniel},
  booktitle={Proceedings of IEEE International Symposium on Secure Software Engineering},
  volume={97},
  pages={106},
  year={2006},
  organization={Citeseer}
}
@inproceedings{kondoh2008finding,
  title={Finding bugs in Java native interface programs},
  author={Kondoh, Goh and Onodera, Tamiya},
  booktitle={Proceedings of the 2008 international symposium on Software testing and analysis},
  pages={109--118},
  year={2008}
}
@inproceedings{lee2010jinn,
  title={Jinn: synthesizing dynamic bug detectors for foreign language interfaces},
  author={Lee, Byeongcheol and Wiedermann, Ben and Hirzel, Martin and Grimm, Robert and McKinley, Kathryn S},
  booktitle={Proceedings of the 31st ACM SIGPLAN Conference on Programming Language Design and Implementation},
  pages={36--49},
  year={2010}
}
@article{hong2017museum,
  title={MUSEUM: Debugging real-world multilingual programs using mutation analysis},
  author={Hong, Shin and Kwak, Taehoon and Lee, Byeongcheol and Jeon, Yiru and Ko, Bongseok and Kim, Yunho and Kim, Moonzoo},
  journal={Information and Software Technology},
  volume={82},
  pages={80--95},
  year={2017},
  publisher={Elsevier}
}

